@inproceedings{aitken2010,
  title={Fundamentals of probability and statistical evidence in criminal proceedings: guidance for judges, lawyers, forensic scientists and expert witnesses},
  author={Aitken, Colin and Roberts, Paul and Jackson, Graham},
  year={2010},
  organization={RSS}
}

@inproceedings{puch2012,
  title={Assessing the probative value of DNA evidence: guidance for judges, lawyers, forensic scientists and expert witnesses},
  author={Puch-Solis, Roberto and Roberts, Paul and Pope, Susan and Aitken, Colin},
  year={2012},
  organization={RSS}
}

@inproceedings{jackson2015,
  title={Case assessment and interpretation of expert evidence: guidance for judges, lawyers, forensic scientists and expert witnesses},
  author={Jackson, Graham and Aitken, Colin and Roberts, Paul},
  year={2015},
  organization={RSS}
}

@inproceedings{roberts2014,
  title={The logic of forensic proof: inferential reasoning in criminal evidence and forensic science: guidance for judges, lawyers, forensic scientists and expert witnesses},
  author={Roberts, Paul and Aitken, Colin},
  year={2014},
  organization={RSS}
}

@article{sobreira2020,
  title={Reviewing Research Trendsâ€”A Scientometric Approach Using Gunshot Residue (GSR) Literature as an Example},
  author={Sobreira, Catarina and Klu, Joyce K and Cole, Christian and Nic Da{\'e}id, Niamh and M{\'e}nard, Herv{\'e}},
  journal={Publications},
  volume={8},
  number={1},
  pages={7},
  year={2020},
  publisher={Multidisciplinary Digital Publishing Institute}
}
